@BOOK{lshort-cn,
  author =       {搜狐新闻客户端UED团队},
  title =        {设计之下——搜狐新闻客户端的用户体验设计},
  year =         {2014},
  publisher =    {电子工业出版社},
}

@BOOK{lshort-cn2,
  author =       {腾讯公司用户研究与体验设计部},
  title =        {在你身边，为你设计},
  year =         {2013},
  publisher =    {电子工业出版社},
}


@ARTICLE{MELINsdsdGER96,
  AUTHOR =       "I. Fette",
  TITLE =        "The WebSocket Protocol",
  JOURNAL =      "Internet Engineering Task Force (IETF)",
  YEAR =         2011,
}

@ARTICLE{MELLdINGER96,
  AUTHOR =       "Leavitt, N. ",
  TITLE =        "Communicating and Displaying Real-Time Data with WebSocket",
  JOURNAL =      "Internet Computing, IEEE ",
  YEAR =         2012,
  VOLUME = 16,
  NUMBER = 4,
  PAGES = "45-53"
}


@ARTICLE{MEsdLLINGER96,
  AUTHOR =       "Leavitt, N. ",
  TITLE =        "Will NoSQL Databases Live Up to Their Promise?",
  JOURNAL =      "Computer",
  VOLUME = 43,
  NUMBER = 2,
  PAGES = "12-14",
  YEAR =      2010,

}

@book{lampossdrt85a,
	author={Kristina Chodorow},
	title={MongoDB: The Definitive Guide},
	publisher={O'Reilly Media},
	year={2013},
	edition={2nd},
}


@book{lampdssort85a,
author={Bruce Maxim and Roger Pressman},
title={Software engineering: a practitioner's approach},
year={2014},
publisher={McGraw-Hill Science/Engineering/Math},
edition={8th},
}


@book{lamposdrt85a,
title={Practical Node.js: Building Real-World Scalable Web Apps},
author={Azat Mardan},
year={2014},
publisher={Apress},
edition={1st},
}




@book{lamport85ax,
title={Nginx HTTP Server Second Edition},
author={Clément Nedelcu },
year={2013},
publisher={Packt Publishing},
edition={2nd},
}


@book{lamport85da,
title={Ionic in Action: Hybrid Mobile Apps with Ionic and AngularJS},
author={Jeremy Wilken},
year={2015},
publisher={Manning Publications},
edition={1st},
}
